[gd_scene load_steps=20 format=3 uid="uid://dwxn84xxqfw43"]

[ext_resource type="Script" path="res://elements/bonfire.gd" id="1_012bq"]
[ext_resource type="PackedScene" uid="uid://cih4dlpnll48k" path="res://elements/lightbulb_bonfire.tscn" id="2_ehgr7"]
[ext_resource type="AudioStream" uid="uid://d4js74275tyjm" path="res://prop/sound/random/glass1.ogg" id="3_cxf3k"]
[ext_resource type="AudioStream" uid="uid://cqxt3fedmqsgq" path="res://prop/sound/ui/loom/select_pattern2.ogg" id="3_lw0m0"]
[ext_resource type="Script" path="res://elements/bonfire_action.gd" id="4_0ywox"]
[ext_resource type="AudioStream" uid="uid://cq8dhp178v3jo" path="res://prop/sound/random/glass2.ogg" id="4_8n024"]
[ext_resource type="AudioStream" uid="uid://djjsg8cjvcigy" path="res://prop/sound/random/glass3.ogg" id="5_33hue"]
[ext_resource type="AudioStream" uid="uid://ceocuf062bwpm" path="res://audio/wire_hum.ogg" id="5_r7lgx"]

[sub_resource type="CylinderMesh" id="CylinderMesh_rpxa5"]
top_radius = 0.05
bottom_radius = 0.05
height = 0.2

[sub_resource type="CylinderMesh" id="CylinderMesh_hfdn4"]
top_radius = 0.02
bottom_radius = 0.05
height = 0.2

[sub_resource type="CylinderMesh" id="CylinderMesh_7fm5v"]
top_radius = 0.02
bottom_radius = 0.02
height = 0.1

[sub_resource type="CylinderMesh" id="CylinderMesh_vkjwl"]
top_radius = 0.01
bottom_radius = 0.01
height = 3.0

[sub_resource type="CylinderMesh" id="CylinderMesh_vrwlq"]
top_radius = 0.02
bottom_radius = 0.02
height = 0.1

[sub_resource type="StandardMaterial3D" id="StandardMaterial3D_1o3th"]
shading_mode = 0
albedo_color = Color(0.943299, 0.171131, 0.235031, 1)

[sub_resource type="StandardMaterial3D" id="StandardMaterial3D_n4sn6"]
shading_mode = 0
albedo_color = Color(1.10701e-06, 0.63668, 0.154264, 1)

[sub_resource type="StandardMaterial3D" id="StandardMaterial3D_mlhdq"]
albedo_color = Color(0.470076, 0.470076, 0.470076, 1)

[sub_resource type="AudioStreamRandomizer" id="AudioStreamRandomizer_75w58"]
streams_count = 3
stream_0/stream = ExtResource("3_cxf3k")
stream_1/stream = ExtResource("4_8n024")
stream_2/stream = ExtResource("5_33hue")

[sub_resource type="StandardMaterial3D" id="StandardMaterial3D_isl6v"]
albedo_color = Color(0.336608, 0.336608, 0.336608, 1)
metallic = 0.68
roughness = 0.25

[sub_resource type="SphereShape3D" id="SphereShape3D_m5g0x"]

[node name="SpawnPoint" type="Node3D"]
script = ExtResource("1_012bq")

[node name="Antenna" type="Node3D" parent="."]
transform = Transform3D(1, 0, 0, 0, 1, 0, 0, 0, 1, 0, -0.510694, 0)

[node name="MeshInstance3D" type="MeshInstance3D" parent="Antenna"]
transform = Transform3D(1, 0, 0, 0, 1, 0, 0, 0, 1, 0, 0.625794, 0)
mesh = SubResource("CylinderMesh_rpxa5")

[node name="MeshInstance3D2" type="MeshInstance3D" parent="Antenna"]
transform = Transform3D(1, 0, 0, 0, 1, 0, 0, 0, 1, 0, 0.823711, 0)
mesh = SubResource("CylinderMesh_hfdn4")

[node name="MeshInstance3D3" type="MeshInstance3D" parent="Antenna"]
transform = Transform3D(1, 0, 0, 0, 1, 0, 0, 0, 1, 0, 0.972, 0)
mesh = SubResource("CylinderMesh_7fm5v")

[node name="MeshInstance3D4" type="MeshInstance3D" parent="Antenna"]
transform = Transform3D(1, 0, 0, 0, 1, 0, 0, 0, 1, 0, 2.25672, 0)
mesh = SubResource("CylinderMesh_vkjwl")

[node name="MeshInstance3D5" type="MeshInstance3D" parent="Antenna"]
transform = Transform3D(1, 0, 0, 0, 1, 0, 0, 0, 1, 0, 3.77055, 0)
mesh = SubResource("CylinderMesh_vrwlq")

[node name="Lightbulb" parent="Antenna" instance=ExtResource("2_ehgr7")]
transform = Transform3D(1, 0, 0, 0, 1, 0, 0, 0, 1, 0, 3.86408, 0)
active_red = SubResource("StandardMaterial3D_1o3th")
active_green = SubResource("StandardMaterial3D_n4sn6")
inactive_material = SubResource("StandardMaterial3D_mlhdq")
break_sound = SubResource("AudioStreamRandomizer_75w58")

[node name="AudioStreamPlayer3D" type="AudioStreamPlayer3D" parent="Antenna"]
transform = Transform3D(1, 0, 0, 0, 1, 0, 0, 0, 1, 0, 3.86849, 0)
stream = ExtResource("3_lw0m0")
volume_db = -20.0

[node name="AntennaTickTimer" type="Timer" parent="."]
wait_time = 1.2
autostart = true

[node name="Laptop" type="Node3D" parent="."]
transform = Transform3D(0.988308, 0, -0.152468, 0, 1, 0, 0.152468, 0, 0.988308, -0.301798, 0.924959, -0.0273806)

[node name="CSGBox3D5" type="CSGBox3D" parent="Laptop"]
size = Vector3(0.42, 0.00440625, 0.27)
material = SubResource("StandardMaterial3D_isl6v")

[node name="CSGBox3D6" type="CSGBox3D" parent="Laptop"]
transform = Transform3D(1, 0, 0, 0, -0.5, 0.866025, 0, -0.866025, -0.5, 0, 0.118935, -0.200922)
size = Vector3(0.42, 0.00440625, 0.27)
material = SubResource("StandardMaterial3D_isl6v")

[node name="Label3D" type="Label3D" parent="Laptop"]
transform = Transform3D(1, 0, 0, 0, 0.866566, 0.499063, 0, -0.499063, 0.866566, 0, 0.131144, -0.200476)
text = "Inactive"
font_size = 17
outline_size = 9

[node name="CSGBox3D5" type="CSGBox3D" parent="."]
transform = Transform3D(-0.108745, 0, 0.99407, 0, 1, 0, -0.99407, 0, -0.108745, -0.511915, 0.765597, -4.22159e-08)
use_collision = true
size = Vector3(0.4, 0.3, 0.9)

[node name="CSGBox3D7" type="CSGBox3D" parent="."]
transform = Transform3D(-4.37114e-08, 0, 1, 0, 1, 0, -1, 0, -4.37114e-08, -0.511915, 0.466934, -4.22159e-08)
use_collision = true
size = Vector3(0.4, 0.3, 0.9)

[node name="CSGBox3D8" type="CSGBox3D" parent="."]
transform = Transform3D(0.0741084, 0, 0.99725, 0, 1, 0, -0.99725, 0, 0.0741084, -0.511915, 0.172032, -4.22159e-08)
use_collision = true
size = Vector3(0.4, 0.3, 0.9)

[node name="SpawnPointAction" type="Area3D" parent="."]
transform = Transform3D(1, 0, 0, 0, 1, 0, 0, 0, 1, -0.276515, 1.08372, 0)
collision_layer = 256
collision_mask = 256
script = ExtResource("4_0ywox")

[node name="CollisionShape3D" type="CollisionShape3D" parent="SpawnPointAction"]
shape = SubResource("SphereShape3D_m5g0x")

[node name="SpawnPointMarker" type="Marker3D" parent="."]
transform = Transform3D(-1, 0, 8.74228e-08, 0, 1, 0, -8.74228e-08, 0, -1, 0, 0.1, 0.9)

[node name="WireHum" type="AudioStreamPlayer3D" parent="."]
transform = Transform3D(1, 0, 0, 0, 1, 0, 0, 0, 1, 0, 0.546668, 0)
stream = ExtResource("5_r7lgx")
volume_db = -20.0
pitch_scale = 0.75

[connection signal="timeout" from="AntennaTickTimer" to="." method="_on_antenna_tick_timer_timeout"]
