[gd_scene load_steps=12 format=3 uid="uid://bnjo6xitae4te"]

[sub_resource type="Gradient" id="Gradient_d8j6k"]
colors = PackedColorArray(1, 1, 1, 1, 1, 1, 1, 0)

[sub_resource type="FastNoiseLite" id="FastNoiseLite_lrkwd"]
seed = 2
frequency = 0.011

[sub_resource type="NoiseTexture2D" id="NoiseTexture2D_gj20r"]
color_ramp = SubResource("Gradient_d8j6k")
noise = SubResource("FastNoiseLite_lrkwd")

[sub_resource type="StandardMaterial3D" id="StandardMaterial3D_yvqge"]
transparency = 2
alpha_scissor_threshold = 0.5
alpha_antialiasing_mode = 0
albedo_color = Color(0.623879, 0.663574, 0.748567, 1)
albedo_texture = SubResource("NoiseTexture2D_gj20r")

[sub_resource type="SphereMesh" id="SphereMesh_befww"]
material = SubResource("StandardMaterial3D_yvqge")

[sub_resource type="Animation" id="Animation_kcwta"]
resource_name = "rotate_y"
length = 20.0
loop_mode = 1
tracks/0/type = "rotation_3d"
tracks/0/imported = false
tracks/0/enabled = true
tracks/0/path = NodePath(".")
tracks/0/interp = 1
tracks/0/loop_wrap = true
tracks/0/keys = PackedFloat32Array(0.0333, 1, 0, -0.172084, 0, 0.985082, 9.99, 1, 0, 0.98596, 0, 0.166984, 19.8801, 1, 0, -0.161061, 0, 0.986944)

[sub_resource type="AnimationLibrary" id="AnimationLibrary_o85c3"]
_data = {
"rotate_y": SubResource("Animation_kcwta")
}

[sub_resource type="FastNoiseLite" id="FastNoiseLite_yv7o0"]
seed = 1
frequency = 0.004
offset = Vector3(-248.2, -73.5, 0)

[sub_resource type="NoiseTexture2D" id="NoiseTexture2D_fdxbg"]
color_ramp = SubResource("Gradient_d8j6k")
noise = SubResource("FastNoiseLite_yv7o0")

[sub_resource type="StandardMaterial3D" id="StandardMaterial3D_l8gcw"]
transparency = 2
alpha_scissor_threshold = 0.5
alpha_antialiasing_mode = 0
albedo_texture = SubResource("NoiseTexture2D_fdxbg")

[sub_resource type="SphereMesh" id="SphereMesh_x4fi6"]
material = SubResource("StandardMaterial3D_l8gcw")
radius = 0.46

[node name="Node3D" type="Node3D"]
transform = Transform3D(-0.492309, 0, 0.870421, 0, 1, 0, -0.870421, 0, -0.492309, 0, 0, 0)

[node name="MeshInstance3D2" type="MeshInstance3D" parent="."]
transform = Transform3D(0.793368, 0, -0.608742, 0, 1, 0, 0.608742, 0, 0.793368, 0, 0, 0)
mesh = SubResource("SphereMesh_befww")

[node name="AnimationPlayer" type="AnimationPlayer" parent="MeshInstance3D2"]
libraries = {
"": SubResource("AnimationLibrary_o85c3")
}

[node name="MeshInstance3D" type="MeshInstance3D" parent="."]
mesh = SubResource("SphereMesh_x4fi6")
